[gd_scene load_steps=14 format=3 uid="uid://caksxfxj4ppx8"]

[ext_resource type="Script" path="res://person.gd" id="1"]
[ext_resource type="Texture2D" uid="uid://dc2inj6fjna73" path="res://person.png" id="2"]
[ext_resource type="FontFile" path="res://dynamicfontopensans.tres" id="3"]
[ext_resource type="Script" path="res://person_area2d.gd" id="4"]
[ext_resource type="Texture2D" uid="uid://bgad5rnfwc73k" path="res://hubby/3.png" id="5"]
[ext_resource type="Texture2D" uid="uid://oaue0rh8i477" path="res://hubby/4.png" id="6"]
[ext_resource type="Texture2D" uid="uid://d0om0k6ynnmo6" path="res://hubby/1.png" id="7"]
[ext_resource type="Texture2D" uid="uid://ddyuuokqj8u5x" path="res://happy/1.png" id="8"]
[ext_resource type="Texture2D" uid="uid://db6k8bwch0hx6" path="res://wat/1.png" id="9"]
[ext_resource type="Texture2D" uid="uid://4vbxl2ky3c62" path="res://sad/1.png" id="10"]
[ext_resource type="Texture2D" uid="uid://c1prdku3iain2" path="res://angry/1.png" id="11"]

[sub_resource type="RectangleShape2D" id="1"]
size = Vector2(49.1501, 76.2358)

[sub_resource type="SpriteFrames" id="2"]
animations = [{
"frames": [{
"duration": 1.0,
"texture": ExtResource("11")
}],
"loop": true,
"name": &"angry",
"speed": 5.0
}, {
"frames": [{
"duration": 1.0,
"texture": ExtResource("8")
}],
"loop": true,
"name": &"happy",
"speed": 5.0
}, {
"frames": [{
"duration": 1.0,
"texture": ExtResource("5")
}, {
"duration": 1.0,
"texture": ExtResource("6")
}, {
"duration": 1.0,
"texture": ExtResource("6")
}, {
"duration": 1.0,
"texture": ExtResource("5")
}, {
"duration": 1.0,
"texture": ExtResource("7")
}],
"loop": true,
"name": &"hubby",
"speed": 8.0
}, {
"frames": [{
"duration": 1.0,
"texture": ExtResource("10")
}],
"loop": true,
"name": &"sad",
"speed": 5.0
}, {
"frames": [{
"duration": 1.0,
"texture": ExtResource("9")
}],
"loop": true,
"name": &"wat",
"speed": 5.0
}]

[node name="person" type="Node2D"]
script = ExtResource("1")

[node name="sprite" type="Sprite2D" parent="."]
position = Vector2(8.41379, 91.3274)
texture = ExtResource("2")

[node name="name" type="Label" parent="."]
offset_left = -41.8602
offset_top = -22.7205
offset_right = 55.1398
offset_bottom = 12.2795
size_flags_vertical = 5
theme_override_fonts/font = ExtResource("3")
text = "Person1"

[node name="sprite_area" type="Area2D" parent="."]
script = ExtResource("4")

[node name="CollisionShape2D" type="CollisionShape2D" parent="sprite_area"]
position = Vector2(8.662, 85.737)
shape = SubResource("1")

[node name="animated_sprite" type="AnimatedSprite2D" parent="."]
visible = false
position = Vector2(9.53317, 90.1678)
sprite_frames = SubResource("2")
animation = &"wat"

[node name="emote_timer" type="Timer" parent="."]
wait_time = 5.0
